<?xml version="1.0" encoding="UTF-8"?><record xmlns="http://www.loc.gov/MARC21/slim" xmlns:cinclude="http://apache.org/cocoon/include/1.0" xmlns:zs="http://www.loc.gov/zing/srw/">
  <leader>00587cz  a2200193n  4500</leader>
  <controlfield tag="001">n  84739916 </controlfield>
  <controlfield tag="003">DLC</controlfield>
  <controlfield tag="005">19981105103432.2</controlfield>
  <controlfield tag="008">851118n| acaaaaaa|          |n ana |||  </controlfield>
  <datafield tag="010" ind1=" " ind2=" ">
    <subfield code="a">n  84739916 </subfield>
  </datafield>
  <datafield tag="040" ind1=" " ind2=" ">
    <subfield code="a">DLC</subfield>
    <subfield code="c">DLC</subfield>
    <subfield code="d">DLC</subfield>
  </datafield>
  <datafield tag="130" ind1=" " ind2="0">
    <subfield code="a">Cloppenburger WirtschaftsgespraĚche (Series)</subfield>
  </datafield>
  <datafield tag="642" ind1=" " ind2=" ">
    <subfield code="a">Bd. 4</subfield>
    <subfield code="5">DLC</subfield>
  </datafield>
  <datafield tag="643" ind1=" " ind2=" ">
    <subfield code="a">Hildesheim</subfield>
    <subfield code="b">G. Olms</subfield>
    <subfield code="d">1991-</subfield>
  </datafield>
  <datafield tag="643" ind1=" " ind2=" ">
    <subfield code="a">Vechta</subfield>
    <subfield code="b">Vechtaer Druckerei und Verlag</subfield>
    <subfield code="a">Hannover</subfield>
    <subfield code="b">Vertrieb, Hennies und Zinkeisen</subfield>
    <subfield code="d">&lt;1984-1987&gt;</subfield>
  </datafield>
  <datafield tag="644" ind1=" " ind2=" ">
    <subfield code="a">f</subfield>
    <subfield code="5">DLC</subfield>
  </datafield>
  <datafield tag="645" ind1=" " ind2=" ">
    <subfield code="a">t</subfield>
    <subfield code="5">DLC</subfield>
  </datafield>
  <datafield tag="646" ind1=" " ind2=" ">
    <subfield code="a">s</subfield>
    <subfield code="5">DLC</subfield>
  </datafield>
  <datafield tag="670" ind1=" " ind2=" ">
    <subfield code="a">Arbeitslosigkeit--unser Schicksal? 1984:</subfield>
    <subfield code="b">ser. t.p.</subfield>
  </datafield>
</record>